@book{jones1974music,
  title={Music Theory: The Fundamental Concepts of Tonal Music Including Notation, Terminology, and Harmony},
  author={Jones, George Thaddeus},
  year={1974}
}
@article{mann1965study,
	title={The study of counterpoint},
	author={Mann, Alfred},
	journal={WW Norton, New York},
	volume={1943},
	pages={1971},
	year={1965}
}
@misc{jMusic,
	title={{jMusic}},
	author={Andrew Sorensen and Andrew Brown},
	month={November},
	howpublished = {\url{https://sourceforge.net/projects/jmusic/}},
	year={1998}
}
@book{wooldridge2009introduction,
	title={An introduction to multiagent systems},
	author={Wooldridge, Michael},
	year={2009},
	publisher={John Wiley \& Sons}
}